<record><leader>00000cas a22000007a 4500</leader><controlfield tag="001">10201635</controlfield><controlfield tag="008">831208d18671912pauwr ne      0    0eng d</controlfield><datafield ind1=" " ind2=" " tag="010"><subfield code="a">sn 83032182 </subfield></datafield><datafield ind1=" " ind2=" " tag="040"><subfield code="a">NPU</subfield><subfield code="b">eng</subfield><subfield code="c">NPU</subfield><subfield code="d">NPX</subfield><subfield code="d">YOX</subfield><subfield code="d">NPH</subfield><subfield code="d">NVH</subfield><subfield code="d">TGN</subfield><subfield code="d">KRTAS</subfield><subfield code="d">OCLCQ</subfield><subfield code="d">OCLCF</subfield><subfield code="d">OCLCO</subfield></datafield><datafield ind1="1" ind2=" " tag="029"><subfield code="a">AU@</subfield><subfield code="b">000026926131</subfield></datafield><datafield ind1=" " ind2=" " tag="042"><subfield code="a">msc</subfield></datafield><datafield ind1=" " ind2=" " tag="043"><subfield code="a">n-us-pa</subfield></datafield><datafield ind1="0" ind2=" " tag="130"><subfield code="a">Columbia herald (Columbia, Pa. : 1867)</subfield></datafield><datafield ind1="1" ind2="4" tag="245"><subfield code="a">The Columbia herald.</subfield></datafield><datafield ind1=" " ind2=" " tag="260"><subfield code="a">Columbia, Pa. :</subfield><subfield code="b">W. Hayes Grier</subfield></datafield><datafield ind1=" " ind2=" " tag="300"><subfield code="a">v.</subfield></datafield><datafield ind1=" " ind2=" " tag="310"><subfield code="a">Weekly</subfield></datafield><datafield ind1="1" ind2=" " tag="362"><subfield code="a">Began with Dec. 3, 1867 issue; ceased in 1912.</subfield></datafield><datafield ind1=" " ind2=" " tag="588"><subfield code="a">Description based on: Vol. 3, no. 46 (Oct. 14, 1869).</subfield></datafield><datafield ind1=" " ind2="0" tag="651"><subfield code="a">Columbia (Pa.)</subfield><subfield code="v">Newspapers.</subfield></datafield><datafield ind1=" " ind2="0" tag="651"><subfield code="a">Lancaster County (Pa.)</subfield><subfield code="v">Newspapers.</subfield></datafield><datafield ind1=" " ind2="7" tag="655"><subfield code="a">Newspapers.</subfield><subfield code="2">fast</subfield><subfield code="0">(OCoLC)fst01423814</subfield></datafield><datafield ind1=" " ind2="7" tag="651"><subfield code="a">Pennsylvania</subfield><subfield code="z">Columbia.</subfield><subfield code="2">fast</subfield><subfield code="0">(OCoLC)fst01220055</subfield></datafield><datafield ind1=" " ind2="7" tag="651"><subfield code="a">Pennsylvania</subfield><subfield code="z">Lancaster County.</subfield><subfield code="2">fast</subfield><subfield code="0">(OCoLC)fst01205236</subfield></datafield><datafield ind1=" " ind2=" " tag="752"><subfield code="a">United States</subfield><subfield code="b">Pennsylvania</subfield><subfield code="c">Lancaster</subfield><subfield code="d">Columbia.</subfield></datafield><datafield ind1=" " ind2=" " tag="938"><subfield code="a">Kirtas Technologies, Inc.</subfield><subfield code="b">KRTS</subfield><subfield code="n">737949</subfield></datafield></record>